<?xml version="1.0" encoding="UTF-8"?><collection xmlns="http://www.loc.gov/MARC21/slim"><record><leader>00426nam--2200133-i-4500</leader><controlfield tag="001">000011672</controlfield><controlfield tag="002">20161230</controlfield><controlfield tag="005">20161230201029</controlfield><controlfield tag="008">060222s1000------------r-----000-0-eng-d</controlfield><datafield ind1=" " ind2=" " tag="100"><subfield code="a">Demayer, Frank And Ingraham, Edward</subfield></datafield><datafield ind1=" " ind2=" " tag="245"><subfield code="a">Separable algebras over commutative rings</subfield></datafield><datafield ind1=" " ind2=" " tag="260"><subfield code="a">Berlin, Springer-verlag, 1971</subfield></datafield><datafield ind1=" " ind2=" " tag="490"><subfield code="a">Lecture Notes In Mathematics. A Collection Of Informal Reports And Seminars</subfield></datafield><datafield ind1=" " ind2=" " tag="852"><subfield code="a">512.8(061.3)</subfield></datafield></record></collection>